@article{Germund1963A,
  title={A Special Stability Problem for Linear Multistep Methods},
  author={Germund G. Dahlquist},
  journal={Bit Numerical Mathematics},
  volume={3},
  number={1},
  pages={27-43},
  year={1963},
}
@book{lambert1991numerical,
  title={Numerical methods for ordinary differential systems: the initial value problem},
  author={Lambert, John Denholm},
  year={1991},
  publisher={John Wiley \& Sons, Inc.}
}
@phdthesis{ehle1969pade,
  title={On Pad{\'e} approximations to the exponential function and A-stable methods for the numerical solution of initial value problems},
  author={Ehle, Byron L},
  year={1969},
  school={University of Waterloo Waterloo, Ontario}
}
@article{Barrio2005Performance,
  title={Performance of the Taylor series method for ODEs/DAEs},
  author={Barrio, Roberto},
  journal={Applied Mathematics & Computation},
  volume={163},
  number={2},
  pages={525-545},
  year={2005},
}
@article{Barrio2011Breaking,
  title={Breaking the limits: The Taylor series method},
  author={Barrio, R. and Rodríguez, M. and Abad, A. and Blesa, F.},
  journal={Applied Mathematics & Computation},
  volume={217},
  number={20},
  pages={7940-7954},
  year={2011},
}
@article{Wu1998A,
  title={A sixth-order A-stable explicit one-step method for stiff systems},
  author={Wu, Xin Yuan},
  journal={Computers & Mathematics with Applications},
  volume={35},
  number={9},
  pages={59–64},
  year={1998},
}
@article{Wu2000The,
  title={The vector form of a sixth-order A-stable explicit one-step method for stiff problems},
  author={Wu, X. Y and Xia, J. L},
  journal={Computers & Mathematics with Applications},
  volume={39},
  number={3},
  pages={247-257},
  year={2000},
}
@article{Liu2017The,
  title={The dual information preserving method for stiff reacting flows},
  author={Liu, Li and Shen, Yiqing and Liu, Shengping and Yu, Ming},
  journal={Computers & Fluids},
  volume={157},
  year={2017},
}
@article{Hairer1987Solving,
  title={Solving Ordinary Differential Equations II},
  author={Hairer, Ernst and Wanner, Gerhard},
  journal={Bulletin Des Sciences Mathematiques},
  volume={137},
  number={2},
  pages={189-214},
  year={1987},
}
@article{Seinfeld1970Review,
  title={Review of Numerical Integration Techniques for Stiff Ordinary Differential Equations},
  author={Seinfeld, J. H. and Lapidus, Leon and Hwang, Myungkyu},
  journal={Industrial & Engineering Chemistry Fundamentals},
  volume={9},
  number={2},
  year={1970},
}
@article{Prothero1974On,
  title={On the Stability and Accuracy of One-Step Methods for Solving Stiff Systems of Ordinary Differential Equations},
  author={Prothero, A. and Robinson, A.},
  journal={Mathematics of Computation},
  volume={28},
  number={125},
  pages={145-162},
  year={1974},
}
@article{HairerE1988Er,
  title={Error of Runge-Kutta methods for stiff problems studied via differential algebraic equations},
  author={Hairer E, Lubich C, Roche M},
  journal={BIT Numerical Mathematics},
  volume={28},
  number={3},
  pages={678-700},
  year={1988},
}

@inproceedings{Hairer1999Stiff,
  title={Stiff differential equations solved by Radau methods},
  author={Hairer, Ernst and Wanner, Gerhard},
  booktitle={on Numerical Methods for Differential Equations},
  pages={93-111},
  year={1999},
}

